%YAML 1.1
%TAG !u! tag:unity3d.com,2011:
--- !u!1 &166280500067045379
GameObject:
  m_ObjectHideFlags: 0
  m_CorrespondingSourceObject: {fileID: 0}
  m_PrefabInstance: {fileID: 0}
  m_PrefabAsset: {fileID: 0}
  serializedVersion: 6
  m_Component:
  - component: {fileID: 166280500067045438}
  - component: {fileID: 166280500067045437}
  - component: {fileID: 4473111181785943663}
  - component: {fileID: -1364294143278467097}
  m_Layer: 9
  m_Name: tripleMixer
  m_TagString: Untagged
  m_Icon: {fileID: 0}
  m_NavMeshLayer: 0
  m_StaticEditorFlags: 0
  m_IsActive: 1
--- !u!4 &166280500067045438
Transform:
  m_ObjectHideFlags: 0
  m_CorrespondingSourceObject: {fileID: 0}
  m_PrefabInstance: {fileID: 0}
  m_PrefabAsset: {fileID: 0}
  m_GameObject: {fileID: 166280500067045379}
  m_LocalRotation: {x: 0, y: 0, z: 0, w: 1}
  m_LocalPosition: {x: 0.02925404, y: -0.47536802, z: 0}
  m_LocalScale: {x: 0.55, y: 0.55, z: 0.55}
  m_Children:
  - {fileID: 8157436280746396675}
  - {fileID: 1967075184211960415}
  - {fileID: 8233965930247623533}
  - {fileID: 368552614104519093}
  - {fileID: 7067043901407433901}
  - {fileID: 8922587004682555878}
  - {fileID: 8951422130880114631}
  m_Father: {fileID: 0}
  m_RootOrder: 0
  m_LocalEulerAnglesHint: {x: 0, y: 0, z: 0}
--- !u!212 &166280500067045437
SpriteRenderer:
  m_ObjectHideFlags: 0
  m_CorrespondingSourceObject: {fileID: 0}
  m_PrefabInstance: {fileID: 0}
  m_PrefabAsset: {fileID: 0}
  m_GameObject: {fileID: 166280500067045379}
  m_Enabled: 1
  m_CastShadows: 0
  m_ReceiveShadows: 0
  m_DynamicOccludee: 1
  m_MotionVectors: 1
  m_LightProbeUsage: 1
  m_ReflectionProbeUsage: 1
  m_RenderingLayerMask: 1
  m_RendererPriority: 0
  m_Materials:
  - {fileID: 10754, guid: 0000000000000000f000000000000000, type: 0}
  m_StaticBatchInfo:
    firstSubMesh: 0
    subMeshCount: 0
  m_StaticBatchRoot: {fileID: 0}
  m_ProbeAnchor: {fileID: 0}
  m_LightProbeVolumeOverride: {fileID: 0}
  m_ScaleInLightmap: 1
  m_ReceiveGI: 1
  m_PreserveUVs: 0
  m_IgnoreNormalsForChartDetection: 0
  m_ImportantGI: 0
  m_StitchLightmapSeams: 1
  m_SelectedEditorRenderState: 0
  m_MinimumChartSize: 4
  m_AutoUVMaxDistance: 0.5
  m_AutoUVMaxAngle: 89
  m_LightmapParameters: {fileID: 0}
  m_SortingLayerID: 1423336957
  m_SortingLayer: 3
  m_SortingOrder: 0
  m_Sprite: {fileID: 21300000, guid: d90135c16f0698045b7cea2701312396, type: 3}
  m_Color: {r: 0.5294118, g: 0.5294118, b: 0.5294118, a: 1}
  m_FlipX: 0
  m_FlipY: 0
  m_DrawMode: 0
  m_Size: {x: 1, y: 1}
  m_AdaptiveModeThreshold: 0.5
  m_SpriteTileMode: 0
  m_WasSpriteAssigned: 1
  m_MaskInteraction: 0
  m_SpriteSortPoint: 0
--- !u!114 &4473111181785943663
MonoBehaviour:
  m_ObjectHideFlags: 0
  m_CorrespondingSourceObject: {fileID: 0}
  m_PrefabInstance: {fileID: 0}
  m_PrefabAsset: {fileID: 0}
  m_GameObject: {fileID: 166280500067045379}
  m_Enabled: 1
  m_EditorHideFlags: 0
  m_Script: {fileID: 11500000, guid: c1372fbd4af9a504093a9c8e5a87bbff, type: 3}
  m_Name: 
  m_EditorClassIdentifier: 
  inventoryDisplaySprite: {fileID: 21300000, guid: dd4494c43300eae49aebe0165d675152,
    type: 3}
  fixedPiece: 0
  rotationStep: 60
  gameMaster: {fileID: 0}
  ID: 7
  spriteRenderer: {fileID: 166280500067045437}
  laserCollider: {fileID: 0}
  position: {fileID: 0}
  orientation: 0
  pieces:
  - {fileID: 1967075184211960409}
  - {fileID: 7067043901407433899}
  - {fileID: 8233965930247623531}
  - {fileID: 8922587004682555872}
  - {fileID: 368552614104519091}
  - {fileID: 8951422130880114625}
  coreColor: 7
--- !u!58 &-1364294143278467097
CircleCollider2D:
  m_ObjectHideFlags: 0
  m_CorrespondingSourceObject: {fileID: 0}
  m_PrefabInstance: {fileID: 0}
  m_PrefabAsset: {fileID: 0}
  m_GameObject: {fileID: 166280500067045379}
  m_Enabled: 1
  m_Density: 1
  m_Material: {fileID: 0}
  m_IsTrigger: 0
  m_UsedByEffector: 0
  m_UsedByComposite: 0
  m_Offset: {x: 0, y: 0}
  serializedVersion: 2
  m_Radius: 0.58
--- !u!1 &2919310290032316286
GameObject:
  m_ObjectHideFlags: 0
  m_CorrespondingSourceObject: {fileID: 0}
  m_PrefabInstance: {fileID: 0}
  m_PrefabAsset: {fileID: 0}
  serializedVersion: 6
  m_Component:
  - component: {fileID: 8157436280746396675}
  - component: {fileID: 8952045928282309009}
  m_Layer: 11
  m_Name: LaserCollider
  m_TagString: Untagged
  m_Icon: {fileID: 0}
  m_NavMeshLayer: 0
  m_StaticEditorFlags: 0
  m_IsActive: 1
--- !u!4 &8157436280746396675
Transform:
  m_ObjectHideFlags: 0
  m_CorrespondingSourceObject: {fileID: 0}
  m_PrefabInstance: {fileID: 0}
  m_PrefabAsset: {fileID: 0}
  m_GameObject: {fileID: 2919310290032316286}
  m_LocalRotation: {x: -0, y: -0, z: -0, w: 1}
  m_LocalPosition: {x: 0, y: 0, z: 0}
  m_LocalScale: {x: 1, y: 1, z: 1}
  m_Children: []
  m_Father: {fileID: 166280500067045438}
  m_RootOrder: 0
  m_LocalEulerAnglesHint: {x: 0, y: 0, z: 0}
--- !u!58 &8952045928282309009
CircleCollider2D:
  m_ObjectHideFlags: 0
  m_CorrespondingSourceObject: {fileID: 0}
  m_PrefabInstance: {fileID: 0}
  m_PrefabAsset: {fileID: 0}
  m_GameObject: {fileID: 2919310290032316286}
  m_Enabled: 1
  m_Density: 1
  m_Material: {fileID: 0}
  m_IsTrigger: 0
  m_UsedByEffector: 0
  m_UsedByComposite: 0
  m_Offset: {x: 0, y: 0}
  serializedVersion: 2
  m_Radius: 0.2
--- !u!1001 &368552614104519095
PrefabInstance:
  m_ObjectHideFlags: 0
  serializedVersion: 2
  m_Modification:
    m_TransformParent: {fileID: 166280500067045438}
    m_Modifications:
    - target: {fileID: 6395476547884685405, guid: 5d3b316e88dbd814db4fdf4559eaf74d,
        type: 3}
      propertyPath: m_Name
      value: Receiver
      objectReference: {fileID: 0}
    - target: {fileID: 368552614082963602, guid: 5d3b316e88dbd814db4fdf4559eaf74d,
        type: 3}
      propertyPath: mixer
      value: 
      objectReference: {fileID: 4473111181785943663}
    - target: {fileID: 4075540779226093934, guid: 5d3b316e88dbd814db4fdf4559eaf74d,
        type: 3}
      propertyPath: m_Color.r
      value: 0.5294118
      objectReference: {fileID: 0}
    - target: {fileID: 4075540779226093934, guid: 5d3b316e88dbd814db4fdf4559eaf74d,
        type: 3}
      propertyPath: m_Color.g
      value: 0.5294118
      objectReference: {fileID: 0}
    - target: {fileID: 4075540779226093934, guid: 5d3b316e88dbd814db4fdf4559eaf74d,
        type: 3}
      propertyPath: m_Color.b
      value: 0.5294118
      objectReference: {fileID: 0}
    - target: {fileID: 199025837558437478, guid: 5d3b316e88dbd814db4fdf4559eaf74d,
        type: 3}
      propertyPath: m_LocalPosition.x
      value: 0
      objectReference: {fileID: 0}
    - target: {fileID: 199025837558437478, guid: 5d3b316e88dbd814db4fdf4559eaf74d,
        type: 3}
      propertyPath: m_LocalPosition.y
      value: 0
      objectReference: {fileID: 0}
    - target: {fileID: 199025837558437478, guid: 5d3b316e88dbd814db4fdf4559eaf74d,
        type: 3}
      propertyPath: m_LocalPosition.z
      value: 0
      objectReference: {fileID: 0}
    - target: {fileID: 199025837558437478, guid: 5d3b316e88dbd814db4fdf4559eaf74d,
        type: 3}
      propertyPath: m_LocalRotation.x
      value: 0
      objectReference: {fileID: 0}
    - target: {fileID: 199025837558437478, guid: 5d3b316e88dbd814db4fdf4559eaf74d,
        type: 3}
      propertyPath: m_LocalRotation.y
      value: -0
      objectReference: {fileID: 0}
    - target: {fileID: 199025837558437478, guid: 5d3b316e88dbd814db4fdf4559eaf74d,
        type: 3}
      propertyPath: m_LocalRotation.z
      value: 0.8660254
      objectReference: {fileID: 0}
    - target: {fileID: 199025837558437478, guid: 5d3b316e88dbd814db4fdf4559eaf74d,
        type: 3}
      propertyPath: m_LocalRotation.w
      value: -0.5
      objectReference: {fileID: 0}
    - target: {fileID: 199025837558437478, guid: 5d3b316e88dbd814db4fdf4559eaf74d,
        type: 3}
      propertyPath: m_RootOrder
      value: 3
      objectReference: {fileID: 0}
    - target: {fileID: 199025837558437478, guid: 5d3b316e88dbd814db4fdf4559eaf74d,
        type: 3}
      propertyPath: m_LocalEulerAnglesHint.x
      value: 0
      objectReference: {fileID: 0}
    - target: {fileID: 199025837558437478, guid: 5d3b316e88dbd814db4fdf4559eaf74d,
        type: 3}
      propertyPath: m_LocalEulerAnglesHint.y
      value: 0
      objectReference: {fileID: 0}
    - target: {fileID: 199025837558437478, guid: 5d3b316e88dbd814db4fdf4559eaf74d,
        type: 3}
      propertyPath: m_LocalEulerAnglesHint.z
      value: 240
      objectReference: {fileID: 0}
    m_RemovedComponents: []
  m_SourcePrefab: {fileID: 100100000, guid: 5d3b316e88dbd814db4fdf4559eaf74d, type: 3}
--- !u!4 &368552614104519093 stripped
Transform:
  m_CorrespondingSourceObject: {fileID: 199025837558437478, guid: 5d3b316e88dbd814db4fdf4559eaf74d,
    type: 3}
  m_PrefabInstance: {fileID: 368552614104519095}
  m_PrefabAsset: {fileID: 0}
--- !u!114 &368552614104519091 stripped
MonoBehaviour:
  m_CorrespondingSourceObject: {fileID: 368552614082963602, guid: 5d3b316e88dbd814db4fdf4559eaf74d,
    type: 3}
  m_PrefabInstance: {fileID: 368552614104519095}
  m_PrefabAsset: {fileID: 0}
  m_GameObject: {fileID: 0}
  m_Enabled: 1
  m_EditorHideFlags: 0
  m_Script: {fileID: 11500000, guid: 39ec9bc089b10ea4c8ba18065ddfd60c, type: 3}
  m_Name: 
  m_EditorClassIdentifier: 
--- !u!1001 &1967075184211960413
PrefabInstance:
  m_ObjectHideFlags: 0
  serializedVersion: 2
  m_Modification:
    m_TransformParent: {fileID: 166280500067045438}
    m_Modifications:
    - target: {fileID: 6395476547884685405, guid: b9a674e1c0a262c43ab63ae1d7a0615c,
        type: 3}
      propertyPath: m_Name
      value: Emitter
      objectReference: {fileID: 0}
    - target: {fileID: 368552614082963602, guid: b9a674e1c0a262c43ab63ae1d7a0615c,
        type: 3}
      propertyPath: mixer
      value: 
      objectReference: {fileID: 4473111181785943663}
    - target: {fileID: 4075540779226093934, guid: b9a674e1c0a262c43ab63ae1d7a0615c,
        type: 3}
      propertyPath: m_Color.r
      value: 0.5294118
      objectReference: {fileID: 0}
    - target: {fileID: 4075540779226093934, guid: b9a674e1c0a262c43ab63ae1d7a0615c,
        type: 3}
      propertyPath: m_Color.g
      value: 0.5294118
      objectReference: {fileID: 0}
    - target: {fileID: 4075540779226093934, guid: b9a674e1c0a262c43ab63ae1d7a0615c,
        type: 3}
      propertyPath: m_Color.b
      value: 0.5294118
      objectReference: {fileID: 0}
    - target: {fileID: 199025837558437478, guid: b9a674e1c0a262c43ab63ae1d7a0615c,
        type: 3}
      propertyPath: m_LocalPosition.x
      value: 0
      objectReference: {fileID: 0}
    - target: {fileID: 199025837558437478, guid: b9a674e1c0a262c43ab63ae1d7a0615c,
        type: 3}
      propertyPath: m_LocalPosition.y
      value: 0
      objectReference: {fileID: 0}
    - target: {fileID: 199025837558437478, guid: b9a674e1c0a262c43ab63ae1d7a0615c,
        type: 3}
      propertyPath: m_LocalPosition.z
      value: 0
      objectReference: {fileID: 0}
    - target: {fileID: 199025837558437478, guid: b9a674e1c0a262c43ab63ae1d7a0615c,
        type: 3}
      propertyPath: m_LocalRotation.x
      value: 0
      objectReference: {fileID: 0}
    - target: {fileID: 199025837558437478, guid: b9a674e1c0a262c43ab63ae1d7a0615c,
        type: 3}
      propertyPath: m_LocalRotation.y
      value: 0
      objectReference: {fileID: 0}
    - target: {fileID: 199025837558437478, guid: b9a674e1c0a262c43ab63ae1d7a0615c,
        type: 3}
      propertyPath: m_LocalRotation.z
      value: 0
      objectReference: {fileID: 0}
    - target: {fileID: 199025837558437478, guid: b9a674e1c0a262c43ab63ae1d7a0615c,
        type: 3}
      propertyPath: m_LocalRotation.w
      value: 1
      objectReference: {fileID: 0}
    - target: {fileID: 199025837558437478, guid: b9a674e1c0a262c43ab63ae1d7a0615c,
        type: 3}
      propertyPath: m_RootOrder
      value: 1
      objectReference: {fileID: 0}
    - target: {fileID: 199025837558437478, guid: b9a674e1c0a262c43ab63ae1d7a0615c,
        type: 3}
      propertyPath: m_LocalEulerAnglesHint.x
      value: 0
      objectReference: {fileID: 0}
    - target: {fileID: 199025837558437478, guid: b9a674e1c0a262c43ab63ae1d7a0615c,
        type: 3}
      propertyPath: m_LocalEulerAnglesHint.y
      value: 0
      objectReference: {fileID: 0}
    - target: {fileID: 199025837558437478, guid: b9a674e1c0a262c43ab63ae1d7a0615c,
        type: 3}
      propertyPath: m_LocalEulerAnglesHint.z
      value: 0
      objectReference: {fileID: 0}
    m_RemovedComponents: []
  m_SourcePrefab: {fileID: 100100000, guid: b9a674e1c0a262c43ab63ae1d7a0615c, type: 3}
--- !u!4 &1967075184211960415 stripped
Transform:
  m_CorrespondingSourceObject: {fileID: 199025837558437478, guid: b9a674e1c0a262c43ab63ae1d7a0615c,
    type: 3}
  m_PrefabInstance: {fileID: 1967075184211960413}
  m_PrefabAsset: {fileID: 0}
--- !u!114 &1967075184211960409 stripped
MonoBehaviour:
  m_CorrespondingSourceObject: {fileID: 368552614082963602, guid: b9a674e1c0a262c43ab63ae1d7a0615c,
    type: 3}
  m_PrefabInstance: {fileID: 1967075184211960413}
  m_PrefabAsset: {fileID: 0}
  m_GameObject: {fileID: 0}
  m_Enabled: 1
  m_EditorHideFlags: 0
  m_Script: {fileID: 11500000, guid: 39ec9bc089b10ea4c8ba18065ddfd60c, type: 3}
  m_Name: 
  m_EditorClassIdentifier: 
--- !u!1001 &7067043901407433903
PrefabInstance:
  m_ObjectHideFlags: 0
  serializedVersion: 2
  m_Modification:
    m_TransformParent: {fileID: 166280500067045438}
    m_Modifications:
    - target: {fileID: 2122758211419039508, guid: 10a58a98e72d8024c9dbb2913ef4001d,
        type: 3}
      propertyPath: m_Name
      value: wall
      objectReference: {fileID: 0}
    - target: {fileID: 2122758211419039511, guid: 10a58a98e72d8024c9dbb2913ef4001d,
        type: 3}
      propertyPath: mixer
      value: 
      objectReference: {fileID: 4473111181785943663}
    - target: {fileID: 2122758211419039509, guid: 10a58a98e72d8024c9dbb2913ef4001d,
        type: 3}
      propertyPath: m_LocalPosition.x
      value: 0
      objectReference: {fileID: 0}
    - target: {fileID: 2122758211419039509, guid: 10a58a98e72d8024c9dbb2913ef4001d,
        type: 3}
      propertyPath: m_LocalPosition.y
      value: 0
      objectReference: {fileID: 0}
    - target: {fileID: 2122758211419039509, guid: 10a58a98e72d8024c9dbb2913ef4001d,
        type: 3}
      propertyPath: m_LocalPosition.z
      value: 0
      objectReference: {fileID: 0}
    - target: {fileID: 2122758211419039509, guid: 10a58a98e72d8024c9dbb2913ef4001d,
        type: 3}
      propertyPath: m_LocalRotation.x
      value: 0
      objectReference: {fileID: 0}
    - target: {fileID: 2122758211419039509, guid: 10a58a98e72d8024c9dbb2913ef4001d,
        type: 3}
      propertyPath: m_LocalRotation.y
      value: 0
      objectReference: {fileID: 0}
    - target: {fileID: 2122758211419039509, guid: 10a58a98e72d8024c9dbb2913ef4001d,
        type: 3}
      propertyPath: m_LocalRotation.z
      value: 0.5
      objectReference: {fileID: 0}
    - target: {fileID: 2122758211419039509, guid: 10a58a98e72d8024c9dbb2913ef4001d,
        type: 3}
      propertyPath: m_LocalRotation.w
      value: 0.8660254
      objectReference: {fileID: 0}
    - target: {fileID: 2122758211419039509, guid: 10a58a98e72d8024c9dbb2913ef4001d,
        type: 3}
      propertyPath: m_RootOrder
      value: 4
      objectReference: {fileID: 0}
    - target: {fileID: 2122758211419039509, guid: 10a58a98e72d8024c9dbb2913ef4001d,
        type: 3}
      propertyPath: m_LocalEulerAnglesHint.x
      value: 0
      objectReference: {fileID: 0}
    - target: {fileID: 2122758211419039509, guid: 10a58a98e72d8024c9dbb2913ef4001d,
        type: 3}
      propertyPath: m_LocalEulerAnglesHint.y
      value: 0
      objectReference: {fileID: 0}
    - target: {fileID: 2122758211419039509, guid: 10a58a98e72d8024c9dbb2913ef4001d,
        type: 3}
      propertyPath: m_LocalEulerAnglesHint.z
      value: 60
      objectReference: {fileID: 0}
    m_RemovedComponents: []
  m_SourcePrefab: {fileID: 100100000, guid: 10a58a98e72d8024c9dbb2913ef4001d, type: 3}
--- !u!4 &7067043901407433901 stripped
Transform:
  m_CorrespondingSourceObject: {fileID: 2122758211419039509, guid: 10a58a98e72d8024c9dbb2913ef4001d,
    type: 3}
  m_PrefabInstance: {fileID: 7067043901407433903}
  m_PrefabAsset: {fileID: 0}
--- !u!114 &7067043901407433899 stripped
MonoBehaviour:
  m_CorrespondingSourceObject: {fileID: 2122758211419039511, guid: 10a58a98e72d8024c9dbb2913ef4001d,
    type: 3}
  m_PrefabInstance: {fileID: 7067043901407433903}
  m_PrefabAsset: {fileID: 0}
  m_GameObject: {fileID: 0}
  m_Enabled: 1
  m_EditorHideFlags: 0
  m_Script: {fileID: 11500000, guid: 39ec9bc089b10ea4c8ba18065ddfd60c, type: 3}
  m_Name: 
  m_EditorClassIdentifier: 
--- !u!1001 &8233965930247623535
PrefabInstance:
  m_ObjectHideFlags: 0
  serializedVersion: 2
  m_Modification:
    m_TransformParent: {fileID: 166280500067045438}
    m_Modifications:
    - target: {fileID: 6395476547884685405, guid: 5d3b316e88dbd814db4fdf4559eaf74d,
        type: 3}
      propertyPath: m_Name
      value: Receiver
      objectReference: {fileID: 0}
    - target: {fileID: 368552614082963602, guid: 5d3b316e88dbd814db4fdf4559eaf74d,
        type: 3}
      propertyPath: mixer
      value: 
      objectReference: {fileID: 4473111181785943663}
    - target: {fileID: 4075540779226093934, guid: 5d3b316e88dbd814db4fdf4559eaf74d,
        type: 3}
      propertyPath: m_Color.r
      value: 0.5294118
      objectReference: {fileID: 0}
    - target: {fileID: 4075540779226093934, guid: 5d3b316e88dbd814db4fdf4559eaf74d,
        type: 3}
      propertyPath: m_Color.g
      value: 0.5294118
      objectReference: {fileID: 0}
    - target: {fileID: 4075540779226093934, guid: 5d3b316e88dbd814db4fdf4559eaf74d,
        type: 3}
      propertyPath: m_Color.b
      value: 0.5294118
      objectReference: {fileID: 0}
    - target: {fileID: 199025837558437478, guid: 5d3b316e88dbd814db4fdf4559eaf74d,
        type: 3}
      propertyPath: m_LocalPosition.x
      value: 0
      objectReference: {fileID: 0}
    - target: {fileID: 199025837558437478, guid: 5d3b316e88dbd814db4fdf4559eaf74d,
        type: 3}
      propertyPath: m_LocalPosition.y
      value: 0
      objectReference: {fileID: 0}
    - target: {fileID: 199025837558437478, guid: 5d3b316e88dbd814db4fdf4559eaf74d,
        type: 3}
      propertyPath: m_LocalPosition.z
      value: 0
      objectReference: {fileID: 0}
    - target: {fileID: 199025837558437478, guid: 5d3b316e88dbd814db4fdf4559eaf74d,
        type: 3}
      propertyPath: m_LocalRotation.x
      value: 0
      objectReference: {fileID: 0}
    - target: {fileID: 199025837558437478, guid: 5d3b316e88dbd814db4fdf4559eaf74d,
        type: 3}
      propertyPath: m_LocalRotation.y
      value: 0
      objectReference: {fileID: 0}
    - target: {fileID: 199025837558437478, guid: 5d3b316e88dbd814db4fdf4559eaf74d,
        type: 3}
      propertyPath: m_LocalRotation.z
      value: 0.86602545
      objectReference: {fileID: 0}
    - target: {fileID: 199025837558437478, guid: 5d3b316e88dbd814db4fdf4559eaf74d,
        type: 3}
      propertyPath: m_LocalRotation.w
      value: 0.49999994
      objectReference: {fileID: 0}
    - target: {fileID: 199025837558437478, guid: 5d3b316e88dbd814db4fdf4559eaf74d,
        type: 3}
      propertyPath: m_RootOrder
      value: 2
      objectReference: {fileID: 0}
    - target: {fileID: 199025837558437478, guid: 5d3b316e88dbd814db4fdf4559eaf74d,
        type: 3}
      propertyPath: m_LocalEulerAnglesHint.x
      value: 0
      objectReference: {fileID: 0}
    - target: {fileID: 199025837558437478, guid: 5d3b316e88dbd814db4fdf4559eaf74d,
        type: 3}
      propertyPath: m_LocalEulerAnglesHint.y
      value: 0
      objectReference: {fileID: 0}
    - target: {fileID: 199025837558437478, guid: 5d3b316e88dbd814db4fdf4559eaf74d,
        type: 3}
      propertyPath: m_LocalEulerAnglesHint.z
      value: 120
      objectReference: {fileID: 0}
    m_RemovedComponents: []
  m_SourcePrefab: {fileID: 100100000, guid: 5d3b316e88dbd814db4fdf4559eaf74d, type: 3}
--- !u!4 &8233965930247623533 stripped
Transform:
  m_CorrespondingSourceObject: {fileID: 199025837558437478, guid: 5d3b316e88dbd814db4fdf4559eaf74d,
    type: 3}
  m_PrefabInstance: {fileID: 8233965930247623535}
  m_PrefabAsset: {fileID: 0}
--- !u!114 &8233965930247623531 stripped
MonoBehaviour:
  m_CorrespondingSourceObject: {fileID: 368552614082963602, guid: 5d3b316e88dbd814db4fdf4559eaf74d,
    type: 3}
  m_PrefabInstance: {fileID: 8233965930247623535}
  m_PrefabAsset: {fileID: 0}
  m_GameObject: {fileID: 0}
  m_Enabled: 1
  m_EditorHideFlags: 0
  m_Script: {fileID: 11500000, guid: 39ec9bc089b10ea4c8ba18065ddfd60c, type: 3}
  m_Name: 
  m_EditorClassIdentifier: 
--- !u!1001 &8922587004682555876
PrefabInstance:
  m_ObjectHideFlags: 0
  serializedVersion: 2
  m_Modification:
    m_TransformParent: {fileID: 166280500067045438}
    m_Modifications:
    - target: {fileID: 6395476547884685405, guid: 5d3b316e88dbd814db4fdf4559eaf74d,
        type: 3}
      propertyPath: m_Name
      value: Receiver (1)
      objectReference: {fileID: 0}
    - target: {fileID: 368552614082963602, guid: 5d3b316e88dbd814db4fdf4559eaf74d,
        type: 3}
      propertyPath: mixer
      value: 
      objectReference: {fileID: 4473111181785943663}
    - target: {fileID: 4075540779226093934, guid: 5d3b316e88dbd814db4fdf4559eaf74d,
        type: 3}
      propertyPath: m_Color.r
      value: 0.5294118
      objectReference: {fileID: 0}
    - target: {fileID: 4075540779226093934, guid: 5d3b316e88dbd814db4fdf4559eaf74d,
        type: 3}
      propertyPath: m_Color.g
      value: 0.5294118
      objectReference: {fileID: 0}
    - target: {fileID: 4075540779226093934, guid: 5d3b316e88dbd814db4fdf4559eaf74d,
        type: 3}
      propertyPath: m_Color.b
      value: 0.5294118
      objectReference: {fileID: 0}
    - target: {fileID: 199025837558437478, guid: 5d3b316e88dbd814db4fdf4559eaf74d,
        type: 3}
      propertyPath: m_LocalPosition.x
      value: 0
      objectReference: {fileID: 0}
    - target: {fileID: 199025837558437478, guid: 5d3b316e88dbd814db4fdf4559eaf74d,
        type: 3}
      propertyPath: m_LocalPosition.y
      value: 0
      objectReference: {fileID: 0}
    - target: {fileID: 199025837558437478, guid: 5d3b316e88dbd814db4fdf4559eaf74d,
        type: 3}
      propertyPath: m_LocalPosition.z
      value: 0
      objectReference: {fileID: 0}
    - target: {fileID: 199025837558437478, guid: 5d3b316e88dbd814db4fdf4559eaf74d,
        type: 3}
      propertyPath: m_LocalRotation.x
      value: 0
      objectReference: {fileID: 0}
    - target: {fileID: 199025837558437478, guid: 5d3b316e88dbd814db4fdf4559eaf74d,
        type: 3}
      propertyPath: m_LocalRotation.y
      value: 0
      objectReference: {fileID: 0}
    - target: {fileID: 199025837558437478, guid: 5d3b316e88dbd814db4fdf4559eaf74d,
        type: 3}
      propertyPath: m_LocalRotation.z
      value: 1
      objectReference: {fileID: 0}
    - target: {fileID: 199025837558437478, guid: 5d3b316e88dbd814db4fdf4559eaf74d,
        type: 3}
      propertyPath: m_LocalRotation.w
      value: 0
      objectReference: {fileID: 0}
    - target: {fileID: 199025837558437478, guid: 5d3b316e88dbd814db4fdf4559eaf74d,
        type: 3}
      propertyPath: m_RootOrder
      value: 5
      objectReference: {fileID: 0}
    - target: {fileID: 199025837558437478, guid: 5d3b316e88dbd814db4fdf4559eaf74d,
        type: 3}
      propertyPath: m_LocalEulerAnglesHint.x
      value: 0
      objectReference: {fileID: 0}
    - target: {fileID: 199025837558437478, guid: 5d3b316e88dbd814db4fdf4559eaf74d,
        type: 3}
      propertyPath: m_LocalEulerAnglesHint.y
      value: 0
      objectReference: {fileID: 0}
    - target: {fileID: 199025837558437478, guid: 5d3b316e88dbd814db4fdf4559eaf74d,
        type: 3}
      propertyPath: m_LocalEulerAnglesHint.z
      value: 180
      objectReference: {fileID: 0}
    m_RemovedComponents: []
  m_SourcePrefab: {fileID: 100100000, guid: 5d3b316e88dbd814db4fdf4559eaf74d, type: 3}
--- !u!4 &8922587004682555878 stripped
Transform:
  m_CorrespondingSourceObject: {fileID: 199025837558437478, guid: 5d3b316e88dbd814db4fdf4559eaf74d,
    type: 3}
  m_PrefabInstance: {fileID: 8922587004682555876}
  m_PrefabAsset: {fileID: 0}
--- !u!114 &8922587004682555872 stripped
MonoBehaviour:
  m_CorrespondingSourceObject: {fileID: 368552614082963602, guid: 5d3b316e88dbd814db4fdf4559eaf74d,
    type: 3}
  m_PrefabInstance: {fileID: 8922587004682555876}
  m_PrefabAsset: {fileID: 0}
  m_GameObject: {fileID: 0}
  m_Enabled: 1
  m_EditorHideFlags: 0
  m_Script: {fileID: 11500000, guid: 39ec9bc089b10ea4c8ba18065ddfd60c, type: 3}
  m_Name: 
  m_EditorClassIdentifier: 
--- !u!1001 &8951422130880114629
PrefabInstance:
  m_ObjectHideFlags: 0
  serializedVersion: 2
  m_Modification:
    m_TransformParent: {fileID: 166280500067045438}
    m_Modifications:
    - target: {fileID: 2122758211419039508, guid: 10a58a98e72d8024c9dbb2913ef4001d,
        type: 3}
      propertyPath: m_Name
      value: wall
      objectReference: {fileID: 0}
    - target: {fileID: 2122758211419039511, guid: 10a58a98e72d8024c9dbb2913ef4001d,
        type: 3}
      propertyPath: mixer
      value: 
      objectReference: {fileID: 4473111181785943663}
    - target: {fileID: 2122758211419039509, guid: 10a58a98e72d8024c9dbb2913ef4001d,
        type: 3}
      propertyPath: m_LocalPosition.x
      value: 0
      objectReference: {fileID: 0}
    - target: {fileID: 2122758211419039509, guid: 10a58a98e72d8024c9dbb2913ef4001d,
        type: 3}
      propertyPath: m_LocalPosition.y
      value: 0
      objectReference: {fileID: 0}
    - target: {fileID: 2122758211419039509, guid: 10a58a98e72d8024c9dbb2913ef4001d,
        type: 3}
      propertyPath: m_LocalPosition.z
      value: 0
      objectReference: {fileID: 0}
    - target: {fileID: 2122758211419039509, guid: 10a58a98e72d8024c9dbb2913ef4001d,
        type: 3}
      propertyPath: m_LocalRotation.x
      value: 0
      objectReference: {fileID: 0}
    - target: {fileID: 2122758211419039509, guid: 10a58a98e72d8024c9dbb2913ef4001d,
        type: 3}
      propertyPath: m_LocalRotation.y
      value: -0
      objectReference: {fileID: 0}
    - target: {fileID: 2122758211419039509, guid: 10a58a98e72d8024c9dbb2913ef4001d,
        type: 3}
      propertyPath: m_LocalRotation.z
      value: 0.5
      objectReference: {fileID: 0}
    - target: {fileID: 2122758211419039509, guid: 10a58a98e72d8024c9dbb2913ef4001d,
        type: 3}
      propertyPath: m_LocalRotation.w
      value: -0.8660254
      objectReference: {fileID: 0}
    - target: {fileID: 2122758211419039509, guid: 10a58a98e72d8024c9dbb2913ef4001d,
        type: 3}
      propertyPath: m_RootOrder
      value: 6
      objectReference: {fileID: 0}
    - target: {fileID: 2122758211419039509, guid: 10a58a98e72d8024c9dbb2913ef4001d,
        type: 3}
      propertyPath: m_LocalEulerAnglesHint.x
      value: 0
      objectReference: {fileID: 0}
    - target: {fileID: 2122758211419039509, guid: 10a58a98e72d8024c9dbb2913ef4001d,
        type: 3}
      propertyPath: m_LocalEulerAnglesHint.y
      value: 0
      objectReference: {fileID: 0}
    - target: {fileID: 2122758211419039509, guid: 10a58a98e72d8024c9dbb2913ef4001d,
        type: 3}
      propertyPath: m_LocalEulerAnglesHint.z
      value: 300
      objectReference: {fileID: 0}
    m_RemovedComponents: []
  m_SourcePrefab: {fileID: 100100000, guid: 10a58a98e72d8024c9dbb2913ef4001d, type: 3}
--- !u!4 &8951422130880114631 stripped
Transform:
  m_CorrespondingSourceObject: {fileID: 2122758211419039509, guid: 10a58a98e72d8024c9dbb2913ef4001d,
    type: 3}
  m_PrefabInstance: {fileID: 8951422130880114629}
  m_PrefabAsset: {fileID: 0}
--- !u!114 &8951422130880114625 stripped
MonoBehaviour:
  m_CorrespondingSourceObject: {fileID: 2122758211419039511, guid: 10a58a98e72d8024c9dbb2913ef4001d,
    type: 3}
  m_PrefabInstance: {fileID: 8951422130880114629}
  m_PrefabAsset: {fileID: 0}
  m_GameObject: {fileID: 0}
  m_Enabled: 1
  m_EditorHideFlags: 0
  m_Script: {fileID: 11500000, guid: 39ec9bc089b10ea4c8ba18065ddfd60c, type: 3}
  m_Name: 
  m_EditorClassIdentifier: 
